@article{einstein,
    author =       "Albert Einstein",
    title =        "{Zur Elektrodynamik bewegter K{\"o}rper}. ({German})
        [{On} the electrodynamics of moving bodies]",
    journal =      "Annalen der Physik",
    volume =       "322",
    number =       "10",
    pages =        "891--921",
    year =         "1905",
    DOI =          "http://dx.doi.org/10.1002/andp.19053221004"
}

%@article{NoteInterpretation,
%journal={An alternative interpretation, which provides a less intuitive picture, consists in considering the many-body wavefunction of the ground state of the interacting hamiltonian, and its momentum correlations. The atoms in the BEC and in the quantum depletion all share this wavefunction indistiguishibly.}
%} 

@book{mahan2000,
  title={Many-Particle Physics},
  author={Mahan, G. D.},
  year={2000},
  publisher={Springer US}
}

@article{heisenberg1927,
  title={Über den anschulichen Inhalt der quantentheoretischen Kinematik und Mechanik.},
  author={Heisenberg, W.},
  journal={Z. Phys.},
  volume={43},
  number={},
  pages={172-198},
  year={1927}
}



@book{walls2008,
  title={Quantum Optics},
  author={Walls, D. F.  and Milburn, G. J.},
  journal={Perseus Book Publishing},
  year={2008},
  publisher={Springer-Verlag, Berlin}
}

@article{braunstein2005,
  title={Quantum information with continuous variables},
  author={Braunstein, Samuel L and Van Loock, Peter},
  journal={Reviews of Modern Physics},
  volume={77},
  number={2},
  pages={513},
  year={2005},
  publisher={APS}
}

@article{pezze2018,
  title={Quantum metrology with nonclassical states of atomic ensembles},
  author={Pezz\`{e}, L. and Smerzi, A. and Oberthaler, M. K. and Schmied, R. and Treutlein, P.},
  journal={Reviews of Modern Physics},
  volume={90},
  number={3},
  pages={035005},
  year={2018},
  publisher={APS}
}


@book{peskin1995,
  title={An introduction to Quantum Field Theory},
  author={Peskin, M. E. and Schroeder, D. V.},
  journal={Perseus Book Publishing},
  year={1995},
  publisher={Perseus Book Publishing}
}

@article{bergschneider2019,
  title={Experimental Characterization of Two-Particle Entanglement through Position and Momentum Correlations},
  author={Bergschneider, A. and Klinkhamer, V. M. and Becher, J. H. and Klemt, R. and Palm, L. and Zurn, G. and Jochim, S. and Preiss, P. M. },
  journal={Nature Physics},
  volume={15},
  number={},
  pages={640-644},
  year={2019},
  publisher={Nature Publishing Group}
}

@article{schweigler2017,
  title={Experimental characterization of a quantum many-body system via higher-order correlations},
  author={Schweigler, T.  and Kasper, V.  and Erne, S. and  Mazets, I. and Rauer, B. and Cataldini, F. and Langen, T. and Gasenzer, T.  and Berges, J. and Schmiedmayer, J.},
  journal={Nature},
  volume={545},
  number={},
  pages={323},
  year={2017},
  publisher={Nature Publishing Group}
}


@article{loudon1987,
  title={Squeezed light},
  author={Loudon, R. and Knight, P. L.},
  journal={Journal of Modern Optics},
  volume={34},
  number={},
  pages={709},
  year={1987},
  publisher={APS}
}

@article{lamb1947,
  title={Fine Structure of the Hydrogen Atom by a Microwave Method},
  author={Lamb, W. .E. and Retherford, R. C.},
  journal={Physical Review},
  volume={72},
  number={},
  pages={241},
  year={1947},
  publisher={APS}
}

@article{abachi1995,
  title={Observation of the Top Quark},
  author={Abachi S. and et al. (D0 Collaboration)},
  journal={Physical Review Letters},
  volume={74},
  number={},
  pages={2632},
  year={1995},
  publisher={APS}
}

@article{abe1995,
  title={Observation of Top Quark Production in pp Collisions with the Collider Detector at Fermilab},
  author={Abe F. and et al. (CDF Collaboration)},
  journal={Physical Review Letters},
  volume={74},
  number={},
  pages={2626},
  year={1995},
  publisher={APS}
}

@article{lamoreaux1997,
  title={Demonstration of the Casimir Force in the 0.6 to 6μm Range},
  author={Lamoreaux, S. K.},
  journal={Physical Review Letters},
  volume={78},
  number={},
  pages={5},
  year={1997},
  publisher={APS}
}

@article{smithey1993,
  title={Measurement of the Wigner distribution and the density matrix of a light mode using optical homodyne tomography: application to squeezed states and the vacuum},
  author={Smithey, D. T. and Beck, M. and Raymer, M. G. and Faridani, A.},
  journal={Physical Review Letters},
  volume={70},
  number={},
  pages={1244},
  year={1993},
  publisher={APS}
}

@article{dunn1995,
  title={Experimental determination of the quantum-mechanical state of a molecular vibrational mode using fluorescence tomography},
  author={Dunn, T. J. and Sweetser, J. N. and Walmsley, I. A.},
  journal={Physical Review Letters},
  volume={74},
  number={},
  pages={884},
  year={1995},
  publisher={APS}
}

@article{leibfried1996,
  title={Experimental determination of the motional quantum state of a trapped atom},
  author={Leibfried, D. and Meekhof, D. M. and King, B. E. and Monroe, C. and Itano, W. M. and Wineland, D. J.},
  journal={Physical Review Letters},
  volume={77},
  number={},
  pages={4821},
  year={1996},
  publisher={APS}
}


% Correlations team
@article{butera2020,
  title={Position-and momentum-space two-body correlations in a weakly interacting trapped condensate},
  author={Butera, Salvatore and Cl{\'e}ment, David and Carusotto, Iacopo},
  journal={Physical Review A},
  volume={103},
  number={},
  pages={013302},
  year={2021},
  publisher={APS}
}

@article{cayla2020,
  title={Hanbury-Brown and Twiss bunching of phonons and of the quantum depletion in a strongly-interacting Bose gas},
  author={Cayla, Hugo and Butera, Salvatore and Carcy, C{\'e}cile and Tenart, Antoine and Herc{\'e}, Ga{\'e}tan and Mancini, Marco and Aspect, Alain and Carusotto, Iacopo and Cl{\'e}ment, David},
  journal={Physical Review Letters},
  volume={125},
  number={},
  pages={165301},
  year={2020},
  publisher={APS}
}

@article{carcy2019momentum,
  title={Momentum-space atom correlations in a Mott insulator},
  author={Carcy, C{\'e}cile and Cayla, Hugo and Tenart, Antoine and Aspect, Alain and Mancini, Marco and Cl{\'e}ment, David},
  journal={Physical Review X},
  volume={9},
  number={4},
  pages={041028},
  year={2019},
  publisher={APS}
}

@article{chang2016,
  title={Fast production of Bose-Einstein condensates of metastable helium},
  author={Chang, R and Bouton, Q and Cayla, H and Qu, C and Aspect, A and Westbrook, CI and Cl{\'e}ment, D},
  journal={Physical Review Letters},
  volume={117},
  number={},
  pages={235303},
  year={2016},
  publisher={APS}
}

@article{bouton2015fast,
  title={Fast production of Bose-Einstein condensates of metastable helium},
  author={Bouton, Q and Chang, R and Hoendervanger, AL and Nogrette, F and Aspect, Alain and Westbrook, CI and Cl{\'e}ment, D},
  journal={Physical Review A},
  volume={91},
  number={6},
  pages={061402},
  year={2015},
  publisher={APS}
}

% Benchmarking the experiment

@article{tenart2020two,
  title={Two-body collisions in the time-of-flight dynamics of lattice Bose superfluids},
  author={Tenart, Antoine and Carcy, C{\'e}cile and Cayla, Hugo and Bourdel, Thomas and Mancini, Marco and Cl{\'e}ment, David},
  journal={Physical Review Research},
  volume={2},
  number={1},
  pages={013017},
  year={2020},
  publisher={APS}
}

@article{cayla2018single,
  title={Single-atom-resolved probing of lattice gases in momentum space},
  author={Cayla, Hugo and Carcy, C{\'e}cile and Bouton, Quentin and Chang, Rockson and Carleo, Giuseppe and Mancini, Marco and Cl{\'e}ment, David},
  journal={Physical Review A},
  volume={97},
  number={6},
  pages={061609},
  year={2018},
  publisher={APS}
}


% Collisions

@article{arnison1982,
  title={First observation of correlations between high transverse-momentum charged-particules in events from the CERN proton and anti-proton collider},
  author={Arnison, G and al.},
  journal={Physical letters},
  volume={118},
  number={},
  pages={173},
  year={1982},
  publisher={Elsevier}
}%ASBURY, A and AUBERT, B and BACCI, C and BERNABEI, R and  BEZAGUET, A and BOCK, R and BOWCOCK, TJV and CALVETTI, M and CARROLL, T and CATZ, P and CENTRO, S and CERADINI, F and ...},


@article{greiner2005,
  title={Probing Pair-Correlated Fermionic Atoms through Correlations in Atom Shot Noise},
  author={Greiner, M. and Regal, C. A. and Stewart, J. T.  and Jin, D. S.},
  journal={Physical Review Letters},
  volume={94},
  number={},
  pages={110401},
  year={2005},
  publisher={APS}
}

@article{hodgman2017solving,
  title={Solving the quantum many-body problem via correlations measured with a momentum microscope},
  author={Hodgman, Sean S and Khakimov, Roman I and Lewis-Swan, Robert J and Truscott, Andrew G and Kheruntsyan, Karen V},
  journal={Physical review letters},
  volume={118},
  number={24},
  pages={240402},
  year={2017},
  publisher={APS}
}

@article{perrin2007observation,
  title={Observation of atom pairs in spontaneous four-wave mixing of two colliding Bose-Einstein condensates},
  author={Perrin, Aur{\'e}lien and Chang, Hong and Krachmalnicoff, Valentina and Schellekens, Martijn and Boiron, Denis and Aspect, Alain and Westbrook, Christoph I},
  journal={Physical Review Letters},
  volume={99},
  number={15},
  pages={150405},
  year={2007},
  publisher={APS}
}


%% Intro

@article{allen1938,
  title={Flow of Liquid Helium II},
  author={Allen, J. F.  and Misener, A. D. },
  journal={Nature (London)},
  volume={141},
  number={},
  pages={75},
  year={1938},
  publisher={Nature Publishing Group}
}

@article{kapitza1938,
  title={Viscosity of Liquid Helium Below the $\lambda$ Point},
  author={Kapitza, P.},
  journal={Nature (London)},
  volume={141},
  number={},
  pages={74},
  year={1938},
  publisher={Nature Publishing Group}
}

@article{bogoliubov1947,
  title={On the theory of superfluidity},
  author={Bogoliubov, N},
  journal={J. Phys. (USSR)},
  volume={11},
  number={1},
  pages={23},
  year={1947}
}

@article{pitaevskii1991,
  title={Uncertainty principle, quantum fluctuations, and broken symmetries},
  author={Pitaevskii, Lev and Stringari, Sandro},
  journal={Journal of low temperature physics},
  volume={85},
  number={5-6},
  pages={377--388},
  year={1991},
  publisher={Springer}
}

@article{lee1957,
  title={Eigenvalues and eigenfunctions of a Bose system of hard spheres and its low-temperature properties},
  author={Lee, Tsin D and Huang, Kerson and Yang, Chen N},
  journal={Physical Review},
  volume={106},
  number={6},
  pages={1135},
  year={1957},
  publisher={APS}
}

@article{hawking1974,
  title={Black hole explosions?},
  author={Hawking, Stephen W},
  journal={Nature},
  volume={248},
  number={5443},
  pages={30--31},
  year={1974},
  publisher={Nature Publishing Group}
}

@article{burnham1970,
  title={Observation of simultaneity in parametric production of optical photon pairs},
  author={Burnham, David C and Weinberg, Donald L},
  journal={Physical Review Letters},
  volume={25},
  number={2},
  pages={84},
  year={1970},
  publisher={APS}
}

@article{stamper1999,
  title={Excitation of phonons in a Bose-Einstein condensate by light scattering},
  author={Stamper-Kurn, DM and Chikkatur, AP and G{\"o}rlitz, A and Inouye, S and Gupta, S and Pritchard, DE and Ketterle, W},
  journal={Physical review letters},
  volume={83},
  number={15},
  pages={2876},
  year={1999},
  publisher={APS}
}

@article{hanbury1956,
  title={A test of a new type of interferometer on Sirius},
  author={Hanbury-Brown, R.  and Twiss, R. Q.},
  journal={Nature},
  volume={178},
  number={},
  pages={1046-1048},
  year={1956},
  publisher={Nature Publishing Group}
}

@article{munoz2019,
  title={Observation of thermal Hawking radiation and its temperature in an analogue black hole},
  author={Munoz de Nova, J. R. and Golubkov, K. and Kolobov, V. I. and Steinhauer, J.},
  journal={Nature},
  volume={569},
  number={},
  pages={688-692},
  year={2019},
  publisher={Nature Publishing Group}
}

%\bibitem{steinhauer2016} J. Steinhauer, {\it Observation of quantum Hawking radiation and its entanglement in an analogue black hole}, Nat. Phys. {\bf 12}, 959 (2016).

%\bibitem{howell2004} J. C. Howell, R. S. Bennink, S. J. Bentley and R.W. Boyd, {\it Realization of the Einstein-Podolsky-Rosen Paradox Using Momentum- and Position-Entangled Photons from Spontaneous Parametric Down Conversion}, Phys. Rev. Lett. {\bf 92}, 210403 (2004)

%\bibitem{edamatsu2002} K. Edamatsu, R. Shimizu, and T. Itoh, {\it Measurement of the Photonic de Broglie Wavelength of Entangled Photon Pairs Generated by Spontaneous Parametric Down-Conversion}, Phys. Rev. Lett. {\bf 89}, 213601(2002)

%\bibitem{keller1997} T. E. Keller and M. H. Rubin, {\it Theory of two-photon entanglement for spontaneous parametric down-conversion driven by a narrow pump pulse}, Phys. Rev. A {\bf 56}, 1534  (1997)

@book{sokol1995,
  title={Bose-Einstein condensation},
  author={Sokol, L. P.},
  editor={A. Griffin, D. W. Snoke and S. Stringari},
  pages={51},
  year={1995},
  publisher={Cambridge University Press}
}

@article{xu2006,
  title={Observation of Strong Quantum Depletion in a Gaseous Bose-Einstein Condensate},
  author={Xu, K. and Liu, Y. and Miller, D. and Chin, J. and Setiawan, W. and Ketterle, W.},
  journal={Physical Review Letters},
  volume={96},
  number={},
  pages={180405},
  year={2006},
  publisher={APS}
}

@article{lopes2017,
  title={Quantum Depletion of a Homogeneous Bose-Einstein Condensate},
  author={Lopes,  R. and Eigen, C. and Navon, N. and Cl\'ement, D. and Smith, R. P. and Hadzibabic, Z.},
  journal={Physical Review Letters},
  volume={119},
  number={},
  pages={190404},
  year={2017},
  publisher={APS}
}

@article{pieczarka2020,
  title={Observation of quantum depletion in a non-equilibrium exciton–polariton condensate},
  author={Pieczarka, M. and Estrecho, E. and Boozarjmehr, M. and Bleu, O.  and Steger, M. and West, K. and Pfeiffer, L. N. and Snoke, D. W. and Levinsen, J. and Parish, M. M. and Truscott, A. G. and Ostrovskaya, E. A.},
  journal={Nature Communications},
  volume={11},
  number={},
  pages={429},
  year={2020},
  publisher={Nature Publishing Group}
}


@article{schellekens2005,
  title={Hanbury Brown Twiss Effect for Ultracold Quantum Gases},
  author={Schellekens, M. and Hoppeler, R. and Perrin, A. and Gomes, J. Viana and Boiron, D. and Aspect, A. and Westbrook, C. I.},
  journal={Science},
  volume={310},
  number={5748},
  pages={648-651},
  year={2005},
  publisher={}
}

%\bibitem{donelli1981} R. J. Donelli, J. A. Donelli and R. N. Hills, {\it Specific heat and dispersion curve for helium II}, J. Low Temp. {\bf 44}, 471 (1981).

%\bibitem{miller1962} A. Miller, D. Pines, and P. Nozi\`eres, {\it Elementary excitations in liquid helium}, Phys. Rev. {\bf 127}, 1452–1464 (1962).

@article{miller1962,
  title={Elementary excitations in liquid helium},
  author={Miller, A. and Pines, D. and Nozi\`eres, P.},
  journal={Physical Review},
  volume={127},
  number={},
  pages={1452–1464},
  year={1962},
  publisher={APS}
}

@article{ozeri2005,
  title={Colloquium: Bulk bogoliubov excitations in a bose-einstein condensate},
  author={Ozeri, R. and Katz, N. and Steinhauer, J. and Davidson, N.},
  journal={Reviews of Modern Physics},
  volume={77},
  number={},
  pages={187--205},
  year={2005},
  publisher={APS}
}

@article{utsunomiya2008,
  title={Observation of Bogoliubov excitations in exciton-polariton condensates},
  author={Utsunomiya, S and Tian, L and Roumpos, G and Lai, CW and Kumada, N and Fujisawa, T and Kuwata-Gonokami, M and L{\"o}ffler, A and H{\"o}fling, S and Forchel, A and others},
  journal={Nature Physics},
  volume={4},
  number={9},
  pages={700--705},
  year={2008},
  publisher={Nature Publishing Group}
}

@article{stepanov2019,
  title={Dispersion relation of the collective excitations in a resonantly driven polariton fluid},
  author={Stepanov, P. and Amelio, I. and Rousset, J.-G. and Bloch, J. and Lemaître, A. and Amo, A. and Minguzzi, A. and Carusotto, I. and Richard, M.},
  journal={Nature Communications},
  volume={10},
  pages={3869},
  year={2019},
  publisher={Nature Publishing Group}
}

@article{fontaine2018,
  title={Observation of the Bogoliubov Dispersion in a Fluid of Light},
  author={Fontaine, Q. and Bienaim\'e, T. and Pigeon, S. and Giacobino, E. and Bramati, A. and Glorieux, Q.},
  journal={Physical Review Letters},
  volume={121},
  pages={183604},
  year={2018},
  publisher={American Physical Society}
}



Phys. Rev. Lett. 121, 183604 – Published 31 October 2018

@article{yurke1987,
  title={Obtainment of thermal noise from a pure quantum state},
  author={Yurke, B and Potasek, M},
  journal={Physical Review A},
  volume={36},
  number={7},
  pages={3464},
  year={1987},
  publisher={APS}
}

@article{molmer2008,
  title={Hanbury Brown and Twiss correlations in atoms scattered from colliding condensates},
  author={M{\o}lmer, Klaus and Perrin, Aur{\'e}lien and Krachmalnicoff, Valentina and Leung, Vanessa and Boiron, Denis and Aspect, Alain and Westbrook, Christoph I},
  journal={Physical Review a},
  volume={77},
  number={3},
  pages={033601},
  year={2008},
  publisher={APS}
}

@article{perrier2019,
  title={Thermal counting statistics in an atomic two-mode squeezed vacuum state},
  author={Perrier, Maxime and Amodjee, Ziyad and Dussarrat, Pierre and Dareau, Alexandre and Aspect, Alain and Cheneau, Marc and Boiron, Denis and Westbrook, Christoph},
  journal={arXiv preprint arXiv:1904.04135},
  year={2019}
}

@article{stenger1999,
  title={Bragg spectroscopy of a Bose-Einstein condensate},
  author={Stenger, J and Inouye, S and Chikkatur, Ananth P and Stamper-Kurn, DM and Pritchard, DE and Ketterle, Wolfgang},
  journal={Physical Review Letters},
  volume={82},
  number={23},
  pages={4569},
  year={1999},
  publisher={APS}
}

@article{carcy2021,
  title={Certifying the adiabatic preparation of ultracold lattice bosons in the vicinity of the Mott transition},
  author={Carcy, C{\'e}cile and Herc{\'e}, Ga{\'e}tan and Tenart, Antoine and Roscilde, Tommaso and Cl{\'e}ment, David},
  journal={Physical Review Letters},
  volume={126},
  number={4},
  pages={045301},
  year={2021},
  publisher={APS}
}

@article{ottl2005correlations,
  title={Correlations and counting statistics of an atom laser},
  author={{\"O}ttl, Anton and Ritter, Stephan and K{\"o}hl, Michael and Esslinger, Tilman},
  journal={Physical Review Letters},
  volume={95},
  number={9},
  pages={090404},
  year={2005},
  publisher={APS}
}


@article{bucker2011,
  title={Twin-atom beams},
  author={B\"ucker, R. and Grond, J. and Manz, S. and Berrada, T. and Betz, T. and Koller, C. and Hohenester, U. and Schumm, T. and Perrin, A.  and Schmiedmayer, J.},
  journal={Nature Physics},
  volume={7},
  number={},
  pages={608 -- 611},
  year={2011},
  publisher={Nature Publishing Group}
}

@article{orzel2001,
  title={Squeezed states in a Bose-Einstein condensate},
  author={Orzel, C. and Tuchman, A. K. and Fenselau, M. L. and Yasuda, M. and Kasevich, M. A.},
  journal={Science},
  volume={291},
  number={5512},
  pages={2386},
  year={2001},
  publisher={}
}

@article{esteve2008squeezing,
  title={Squeezing and entanglement in a Bose--Einstein condensate},
  author={Esteve, J and Gross, C and Weller, A and Giovanazzi, S and Oberthaler, MK},
  journal={Nature},
  volume={455},
  number={7217},
  pages={1216--1219},
  year={2008},
  publisher={Nature Publishing Group}
}

@article{borselli2021two,
  title={Two-Particle Interference with Double Twin-Atom Beams},
  author={Borselli, F and Maiw{\"o}ger, M and Zhang, T and Haslinger, P and Mukherjee, V and Negretti, A and Montangero, S and Calarco, T and Mazets, I and Bonneau, M and others},
  journal={Physical Review Letters},
  volume={126},
  number={8},
  pages={083603},
  year={2021},
  publisher={APS}
}

@article{bloch2008many,
  title={Many-body physics with ultracold gases},
  author={Bloch, Immanuel and Dalibard, Jean and Zwerger, Wilhelm},
  journal={Reviews of modern physics},
  volume={80},
  number={3},
  pages={885},
  year={2008},
  publisher={APS}
}

@article{amico2008entanglement,
  title={Entanglement in many-body systems},
  author={Amico, Luigi and Fazio, Rosario and Osterloh, Andreas and Vedral, Vlatko},
  journal={Reviews of modern physics},
  volume={80},
  number={2},
  pages={517},
  year={2008},
  publisher={APS}
}

@phdthesis{cayla_these,
  TITLE = {{Measuring the momentum distribution of a lattice gas at the single-atom level}},
  AUTHOR = {Cayla, Hugo},
  URL = {https://pastel.archives-ouvertes.fr/tel-02012074},
  NUMBER = {2018SACLO005},
  SCHOOL = {{Universit{\'e} Paris Saclay (COmUE)}},
  YEAR = {2018},
  MONTH = Nov,
  KEYWORDS = {Momentum space ; Single-Atom ; Optical lattice ; Metastable helium ; 2-Body correlations ; Corr{\'e}lations {\`a} 2 particules ; Atome unique ; Espace des impulsions ; R{\'e}seau optique ; H{\'e}lium m{\'e}tastable},
  TYPE = {Theses},
  PDF = {https://pastel.archives-ouvertes.fr/tel-02012074/file/71368_CAYLA_2018_archivage.pdf},
  HAL_ID = {tel-02012074},
  HAL_VERSION = {v1},
}

@phdthesis{carcy_these,
  TITLE = {{Investigation of the Mott transition with metastable Helium atoms}},
  AUTHOR = {Carcy, Cecile},
  URL = {https://pastel.archives-ouvertes.fr/tel-02890916},
  NUMBER = {2019SACLO014},
  SCHOOL = {{Universit{\'e} Paris Saclay (COmUE)}},
  YEAR = {2019},
  MONTH = Nov,
  KEYWORDS = {Momentum ; Mott transition ; Superfluid ; Correlation ; Interaction ; Cold atoms ; Superfluide ; Corr{\'e}lation ; Atomes froids ; Transition de Mott ; Impulsion ; Interaction},
  TYPE = {Theses},
  PDF = {https://pastel.archives-ouvertes.fr/tel-02890916v2/file/80751_CARCY_2019_archivage.pdf},
  HAL_ID = {tel-02890916},
  HAL_VERSION = {v2},
}

@phdthesis{bouton_these,
  TITLE = {{Etude miscroscopique de la distibution en impulsion de condensats de Bose-Eintein d'H{\'e}lium m{\'e}tastable}},
  AUTHOR = {Bouton, Quentin},
  URL = {https://pastel.archives-ouvertes.fr/tel-01403320},
  NUMBER = {2016SACLO010},
  SCHOOL = {{Universit{\'e} Paris Saclay (COmUE)}},
  YEAR = {2016},
  MONTH = Nov,
  KEYWORDS = {Single atom detection ; Superfluid lattice ; Quantum depletion ; Metastable Helium ; Bose Einstein condensate ; Laser cooling ; Refroidissement laser ; Superfluide sur r{\'e}seau ; D{\'e}tecteur {\`a} atome unique ; Depletion quantique ; Helium m{\'e}tastable ; Condensation de Bose Einstein},
  TYPE = {Theses},
  PDF = {https://pastel.archives-ouvertes.fr/tel-01403320/file/74298_BOUTON_2016_archivage.pdf},
  HAL_ID = {tel-01403320},
  HAL_VERSION = {v1},
}